@article{Chang2011,
author = {Chang, Chih-chung and Lin, Chih-jen},
journal = {ACM Transactions on Intelligent Systems and Technology (TIST)},
keywords = {classification,libsvm,optimization,regression,support vector machine},
number = {3},
pages = {1--39},
title = {{LIBSVM : A Library for Support Vector Machines}},
volume = {2},
year = {2011},
}